
@article{
    brandt_thin_2005,
	title = {Thin superconductors and {SQUIDs} in perpendicular magnetic field},
	volume = {72},
	issn = {1098-0121, 1550-235X},
	url = {https://link.aps.org/doi/10.1103/PhysRevB.72.024529},
	doi = {10.1103/PhysRevB.72.024529},
	language = {en},
	number = {2},
	urldate = {2021-07-16},
	journal = {Physical Review B},
	author = {Brandt, Ernst Helmut},
	month = jul,
	year = {2005},
	pages = {024529},
}

@article{
    kirtley_scanning_2016,
	title = {Scanning {SQUID} susceptometers with sub-micron spatial resolution},
	volume = {87},
	issn = {0034-6748, 1089-7623},
	url = {http://aip.scitation.org/doi/10.1063/1.4961982},
	doi = {10.1063/1.4961982},
	language = {en},
	number = {9},
	urldate = {2021-07-16},
	journal = {Review of Scientific Instruments},
	author = {Kirtley, John R. and Paulius, Lisa and Rosenberg, Aaron J. and Palmstrom, Johanna C. and Holland, Connor M. and Spanton, Eric M. and Schiessl, Daniel and Jermain, Colin L. and Gibbons, Jonathan and Fung, Y.-K.-K. and Huber, Martin E. and Ralph, Daniel C. and Ketchen, Mark B. and Gibson, Gerald W. and Moler, Kathryn A.},
	month = sep,
	year = {2016},
	pages = {093702},
}

@article{
    kirtley_response_2016,
	title = {The response of small {SQUID} pickup loops to magnetic fields},
	volume = {29},
	issn = {0953-2048, 1361-6668},
	url = {https://iopscience.iop.org/article/10.1088/0953-2048/29/12/124001},
	doi = {10.1088/0953-2048/29/12/124001},
	number = {12},
	urldate = {2021-07-16},
	journal = {Superconductor Science and Technology},
	author = {Kirtley, John R and Paulius, Lisa and Rosenberg, Aaron J and Palmstrom, Johanna C and Schiessl, Daniel and Jermain, Colin L and Gibbons, Jonathan and Holland, Connor M and Fung, Y-K-K and Huber, Martin E and Ketchen, Mark B and Ralph, Daniel C and Gibson, Gerald W and Moler, Kathryn A},
	month = dec,
	year = {2016},
	pages = {124001},
}

@article{
    pearl_current_1964,
	title = {Current distribution in superconducting films carrying quantized fluxoids},
	volume = {5},
	issn = {0003-6951},
	url = {https://aip.scitation.org/doi/10.1063/1.1754056},
	doi = {10.1063/1.1754056},
	number = {4},
	urldate = {2021-07-16},
	journal = {Applied Physics Letters},
	author = {Pearl, J.},
	month = aug,
	year = {1964},
	pages = {65--66},
}

@article{
    Reuter_Biasotti_Giorgi_Patane_Spagnuolo_2009,
    title={Discrete Laplace–Beltrami operators for shape analysis and segmentation},
    volume={33},
    ISSN={00978493},
    DOI={10.1016/j.cag.2009.03.005},
    number={3},
    journal={Computers \& Graphics},
    author={Reuter, Martin and Biasotti, Silvia and Giorgi, Daniela and Patane, Giuseppe and Spagnuolo, Michela}, year={2009},
    month={Jun},
    pages={381–390},
} 

@misc{
    JSON,
    title={JSON online documentation},
    url={https://www.json.org/json-en.html},
    author={Crockford, Douglas}
}

@ARTICLE{2020SciPy-NMeth,
  author  = {Virtanen, Pauli and Gommers, Ralf and Oliphant, Travis E. and
            Haberland, Matt and Reddy, Tyler and Cournapeau, David and
            Burovski, Evgeni and Peterson, Pearu and Weckesser, Warren and
            Bright, Jonathan and {van der Walt}, St{\'e}fan J. and
            Brett, Matthew and Wilson, Joshua and Millman, K. Jarrod and
            Mayorov, Nikolay and Nelson, Andrew R. J. and Jones, Eric and
            Kern, Robert and Larson, Eric and Carey, C J and
            Polat, {\.I}lhan and Feng, Yu and Moore, Eric W. and
            {VanderPlas}, Jake and Laxalde, Denis and Perktold, Josef and
            Cimrman, Robert and Henriksen, Ian and Quintero, E. A. and
            Harris, Charles R. and Archibald, Anne M. and
            Ribeiro, Ant{\^o}nio H. and Pedregosa, Fabian and
            {van Mulbregt}, Paul and {SciPy 1.0 Contributors}},
  title   = {{{SciPy} 1.0: Fundamental Algorithms for Scientific
            Computing in Python}},
  journal = {Nature Methods},
  year    = {2020},
  volume  = {17},
  pages   = {261--272},
  adsurl  = {https://rdcu.be/b08Wh},
  doi     = {10.1038/s41592-019-0686-2},
}

@ARTICLE{2020NumPy-Array,
  author  = {Harris, Charles R. and Millman, K. Jarrod and
            van der Walt, Stéfan J and Gommers, Ralf and
            Virtanen, Pauli and Cournapeau, David and
            Wieser, Eric and Taylor, Julian and Berg, Sebastian and
            Smith, Nathaniel J. and Kern, Robert and Picus, Matti and
            Hoyer, Stephan and van Kerkwijk, Marten H. and
            Brett, Matthew and Haldane, Allan and
            Fernández del Río, Jaime and Wiebe, Mark and
            Peterson, Pearu and Gérard-Marchant, Pierre and
            Sheppard, Kevin and Reddy, Tyler and Weckesser, Warren and
            Abbasi, Hameer and Gohlke, Christoph and
            Oliphant, Travis E.},
  title   = {Array programming with {NumPy}},
  journal = {Nature},
  year    = {2020},
  volume  = {585},
  pages   = {357–362},
  doi     = {10.1038/s41586-020-2649-2}
}

@article{Hunter_2007, title={Matplotlib: A 2D Graphics Environment}, volume={9}, ISSN={1521-9615}, DOI={10.1109/MCSE.2007.55}, number={3}, journal={Computing in Science \& Engineering}, author={Hunter, John D.}, year={2007}, pages={90–95} }

@misc{Grecco, title={Pint online documentation}, url={https://pint.readthedocs.io/en/stable/index.html}, author={Grecco, Hernan} }

% @misc{Schlomer, title={Optimesh repository}, url={https://github.com/nschloe/optimesh}, author={Schl\"omer, Nico} }

@article{nico_schlomer_adam_dobrawy_2021, title={Optimesh repository}, DOI={10.5281/zenodo.4728056}, abstractNote={Mesh optimization, mesh smoothing.}, publisher={Zenodo}, author={Nico Schlömer and Adam Dobrawy}, year={2021}, month={Apr} }

@misc{Klockner, title={MeshPy online documentation}, url={https://documen.tician.de/meshpy/}, author={Kl\"ockner, Andreas} }

@misc{Shewchuk, title={Triangle online documentation}, url={http://www.cs.cmu.edu/~quake/triangle.html}, author={Shewchuk, Jonathan Richard} }

@misc{McKerns, title={Dill online documentation}, url={https://dill.readthedocs.io/en/latest/dill.html}, author={McKerns, Mike}}

@article{ray_2018, title={Ray: A Distributed Framework for Emerging AI Applications}, url={http://arxiv.org/abs/1712.05889}, abstractNote={The next generation of AI applications will continuously interact with the environment and learn from these interactions. These applications impose new and demanding systems requirements, both in terms of performance and flexibility. In this paper, we consider these requirements and present Ray---a distributed system to address them. Ray implements a unified interface that can express both task-parallel and actor-based computations, supported by a single dynamic execution engine. To meet the performance requirements, Ray employs a distributed scheduler and a distributed and fault-tolerant store to manage the system’s control state. In our experiments, we demonstrate scaling beyond 1.8 million tasks per second and better performance than existing specialized systems for several challenging reinforcement learning applications.}, note={arXiv: 1712.05889}, journal={arXiv:1712.05889 [cs, stat]}, author={Moritz, Philipp and Nishihara, Robert and Wang, Stephanie and Tumanov, Alexey and Liaw, Richard and Liang, Eric and Elibol, Melih and Yang, Zongheng and Paul, William and Jordan, Michael I. and et al.}, year={2018}, month={Sep} }

@misc{superscreen, title={SuperScreen repository}, author={Bishop-Van Horn, Logan}, url={https://github.com/loganbvh/superscreen}}

@incollection{shewchuk96b,
author = {Jonathan Richard Shewchuk},
title = {Triangle:  {E}ngineering a {2D} {Q}uality {M}esh {G}enerator and
  {D}elaunay {T}riangulator},
booktitle = {Applied Computational Geometry:  Towards Geometric Engineering},
editor = {Ming C. Lin and Dinesh Manocha},
series = {Lecture Notes in Computer Science},
volume = 1148,
publisher = {Springer-Verlag},
pages = {203--222},
month = may,
year = 1996,
note = {From the First ACM Workshop on Applied Computational Geometry}
}

@misc{
ray-docs,
title={Ray online documentation}, url={https://docs.ray.io/en/releases-1.5.1/}
}

@article{Kirtley_Kalisky_2012, title={Scanning SQUID susceptometry of a paramagnetic superconductor}, volume={85}, ISSN={1098-0121, 1550-235X}, DOI={10.1103/PhysRevB.85.224518}, number={22}, journal={Physical Review B}, author={Kirtley, J. R. and Kalisky, B. and Bert, J. A. and Bell, C. and Kim, M. and Hikita, Y. and Hwang, H. Y. and Ngai, J. H. and Segal, Y. and Walker, F. J. and et al.}, year={2012}, month={Jun}, pages={224518} }

@article{Clem_Brandt_2005, title={Response of thin-film SQUIDs to applied fields and vortex fields: Linear SQUIDs}, volume={72}, ISSN={1098-0121, 1550-235X}, DOI={10.1103/PhysRevB.72.174511}, number={17}, journal={Physical Review B}, author={Clem, John R. and Brandt, Ernst Helmut}, year={2005}, month={Nov}, pages={174511} }

@misc{Crane_Vouga_2014, title={Laplace-Beltrami: The Swiss Army Knife of Geometry Processing}, url={http://ddg.cs.columbia.edu/SGP2014/LaplaceBeltrami.pdf}, author={Crane, Keenan and Vouga, Etienne}, year={2014}, month={Jul} }

@misc{superscreen-rtd, title={SuperScreen documentation}, url={https://superscreen.readthedocs.io/en/latest/}}

@book{tinkham2004introduction,
  abstract = {{<div>Well known for its accessibility to graduate students and experimental physicists, this volume emphasizes physical arguments and minimizes theoretical formalism. This second edition features improvements by the author that enhance its user-friendliness and value as a reference. Starting with a historical overview, the text proceeds with an introduction to the electrodynamics of superconductors and presents expositions of the Bardeen-Cooper-Schrieffer and Ginzburg-Landau theories. Additional subjects include magnetic properties of classic type II superconductors; the Josephson effect; fluctuation effects in classic superconductors; the high-temperature superconductors; and nonequilibrium superconductivity. 1996 ed. 109 figures. 1 table.<br></div>}},
  added-at = {2014-04-15T11:23:24.000+0200},
  author = {Tinkham, Michael},
  biburl = {https://www.bibsonomy.org/bibtex/2124742df35be9f37c10b560ee7bccefa/tsunetomo},
  citeulike-article-id = {775063},
  citeulike-linkout-0 = {http://www.amazon.ca/exec/obidos/redirect?tag=citeulike09-20&amp;path=ASIN/0486435032},
  citeulike-linkout-1 = {http://www.amazon.de/exec/obidos/redirect?tag=citeulike01-21&amp;path=ASIN/0486435032},
  citeulike-linkout-2 = {http://www.amazon.fr/exec/obidos/redirect?tag=citeulike06-21&amp;path=ASIN/0486435032},
  citeulike-linkout-3 = {http://www.amazon.jp/exec/obidos/ASIN/0486435032},
  citeulike-linkout-4 = {http://www.amazon.co.uk/exec/obidos/ASIN/0486435032/citeulike00-21},
  citeulike-linkout-5 = {http://www.amazon.com/exec/obidos/redirect?tag=citeulike07-20&path=ASIN/0486435032},
  citeulike-linkout-6 = {http://www.worldcat.org/isbn/0486435032},
  citeulike-linkout-7 = {http://books.google.com/books?vid=ISBN0486435032},
  citeulike-linkout-8 = {http://www.amazon.com/gp/search?keywords=0486435032&index=books&linkCode=qs},
  citeulike-linkout-9 = {http://www.librarything.com/isbn/0486435032},
  day = 14,
  edition = 2,
  howpublished = {Paperback},
  interhash = {a3ee4e22d9ab2f1dce3bf1a888cede14},
  intrahash = {124742df35be9f37c10b560ee7bccefa},
  isbn = {0486435032},
  keywords = {superconductivity},
  month = jun,
  posted-at = {2010-07-07 17:21:26},
  priority = {2},
  publisher = {Dover Publications},
  timestamp = {2014-04-15T11:26:17.000+0200},
  title = {Introduction to Superconductivity},
  url = {http://www.worldcat.org/isbn/0486435032},
  year = 2004
}

@article{Brandt_Clem_2004, title={Superconducting thin rings with finite penetration depth}, volume={69}, ISSN={1098-0121, 1550-235X}, DOI={10.1103/PhysRevB.69.184509}, number={18}, journal={Physical Review B}, author={Brandt, Ernst Helmut and Clem, John R.}, year={2004}, month={May}, pages={184509} }

@article{Khapaev_1997, title={Extraction of inductances of plane thin film superconducting circuits}, volume={10}, ISSN={0953-2048, 1361-6668}, DOI={10.1088/0953-2048/10/7/012}, number={7}, journal={Superconductor Science and Technology}, author={Khapaev, M M}, year={1997}, month={Jul}, pages={521–521} }

@article{Brojeny_Clem_2003, title={Magnetic-field and current-density distributions in thin-film superconducting rings and disks}, volume={68}, ISSN={0163-1829, 1095-3795}, DOI={10.1103/PhysRevB.68.174514}, number={17}, journal={Physical Review B}, author={Babaei Brojeny, Ali A. and Clem, John R.}, year={2003}, month={Nov}, pages={174514} }

@article{Jaycox_Ketchen_1981, title={Planar coupling scheme for ultra low noise DC SQUIDs}, volume={17}, ISSN={0018-9464}, DOI={10.1109/TMAG.1981.1060902}, number={1}, journal={IEEE Transactions on Magnetics}, author={Jaycox, J. and Ketchen, M.}, year={1981}, month={Jan}, pages={400–403} }

@inbook{Ketchen_1986, title={DC SQUID FLUX FOCUSER}, ISBN={9783110862393}, url={https://www.degruyter.com/document/doi/10.1515/9783110862393.865/html}, DOI={10.1515/9783110862393.865}, booktitle={SQUID ’85 Superconducting Quantum Interference Devices and their Applications}, publisher={De Gruyter}, year={1986}, month={Dec}, pages={865–872} }

@article{Hildebrandt_Uhlmann_1995, title={Inductance calculation for integrated superconducting structures by minimizing free energy}, volume={5}, ISSN={10518223}, DOI={10.1109/77.403164}, number={2}, journal={IEEE Transactions on Appiled Superconductivity}, author={Hildebrandt, G. and Uhlmann, F.H.}, year={1995}, month={Jun}, pages={2766–2769} }

@article{Fourie_2011, title={Three-dimensional multi-terminal superconductive integrated circuit inductance extraction}, volume={24}, ISSN={0953-2048, 1361-6668}, DOI={10.1088/0953-2048/24/12/125015}, number={12}, journal={Superconductor Science and Technology}, author={Fourie, Coenrad J and Wetzstein, Olaf and Ortlepp, Thomas and Kunert, Jürgen}, year={2011}, month={Dec}, pages={125015} }

@article{Kamon_1994, title={FASTHENRY: a multipole-accelerated 3-D inductance extraction program}, volume={42}, ISSN={00189480}, DOI={10.1109/22.310584}, number={9}, journal={IEEE Transactions on Microwave Theory and Techniques}, author={Kamon, M. and Ttsuk, M.J. and White, J.K.}, year={1994}, month={Sep}, pages={1750–1758} }

@article{Khapaev_2001, title={Inductance extraction of multilayer finite-thickness superconductor circuits}, volume={49}, ISSN={00189480}, DOI={10.1109/22.900014}, number={1}, journal={IEEE Transactions on Microwave Theory and Techniques}, author={Khapaev, M.M.}, year={2001}, month={Jan}, pages={217–220} }

@article{Khapaev_3DMLSI_2001, title={3D-MLSI: software package for inductance calculation in multilayer superconducting integrated circuits}, volume={11}, ISSN={10518223}, DOI={10.1109/77.919537}, number={1}, journal={IEEE Transactions on Appiled Superconductivity}, author={Khapaev, M.M. and Kidiyarova-Shevchenko, A.Yu. and Magnelind, P. and Kupriyanov, M.Yu.}, year={2001}, month={Mar}, pages={1090–1093} }

@misc{wrcad, title={Whiteley Research, Inc.}, url={http://www.wrcad.com/}, abstractNote={Whiteley Research Inc., Superior integrated circuit design software tools: Physical layout, schematic capture, simulation, extraction, LVS, etc.} }

@misc{XicTools, title={XicTools resository}, url={https://github.com/wrcad/xictools}, journal={XitTools GitHub repository}, publisher={Whiteley Research, Inc.} }