
@article{brandt_thin_2005,
	title = {Thin superconductors and {SQUIDs} in perpendicular magnetic field},
	volume = {72},
	issn = {1098-0121, 1550-235X},
	url = {https://link.aps.org/doi/10.1103/PhysRevB.72.024529},
	doi = {10.1103/PhysRevB.72.024529},
	language = {en},
	number = {2},
	urldate = {2021-07-16},
	journal = {Physical Review B},
	author = {Brandt, Ernst Helmut},
	month = jul,
	year = {2005},
	pages = {024529},
}

@article{kirtley_scanning_2016,
	title = {Scanning {SQUID} susceptometers with sub-micron spatial resolution},
	volume = {87},
	issn = {0034-6748, 1089-7623},
	url = {http://aip.scitation.org/doi/10.1063/1.4961982},
	doi = {10.1063/1.4961982},
	language = {en},
	number = {9},
	urldate = {2021-07-16},
	journal = {Review of Scientific Instruments},
	author = {Kirtley, John R. and Paulius, Lisa and Rosenberg, Aaron J. and Palmstrom, Johanna C. and Holland, Connor M. and Spanton, Eric M. and Schiessl, Daniel and Jermain, Colin L. and Gibbons, Jonathan and Fung, Y.-K.-K. and Huber, Martin E. and Ralph, Daniel C. and Ketchen, Mark B. and Gibson, Gerald W. and Moler, Kathryn A.},
	month = sep,
	year = {2016},
	pages = {093702},
}

@article{kirtley_response_2016,
	title = {The response of small {SQUID} pickup loops to magnetic fields},
	volume = {29},
	issn = {0953-2048, 1361-6668},
	url = {https://iopscience.iop.org/article/10.1088/0953-2048/29/12/124001},
	doi = {10.1088/0953-2048/29/12/124001},
	number = {12},
	urldate = {2021-07-16},
	journal = {Superconductor Science and Technology},
	author = {Kirtley, John R and Paulius, Lisa and Rosenberg, Aaron J and Palmstrom, Johanna C and Schiessl, Daniel and Jermain, Colin L and Gibbons, Jonathan and Holland, Connor M and Fung, Y-K-K and Huber, Martin E and Ketchen, Mark B and Ralph, Daniel C and Gibson, Gerald W and Moler, Kathryn A},
	month = dec,
	year = {2016},
	pages = {124001},
}

@article{pearl_current_1964,
	title = {Current distribution in superconducting films carrying quantized fluxoids},
	volume = {5},
	issn = {0003-6951},
	url = {https://aip.scitation.org/doi/10.1063/1.1754056},
	doi = {10.1063/1.1754056},
	number = {4},
	urldate = {2021-07-16},
	journal = {Applied Physics Letters},
	author = {Pearl, J.},
	month = aug,
	year = {1964},
	pages = {65--66},
}

